<?xml version="1.0" encoding="UTF-8"?><collection xmlns="http://www.loc.gov/MARC21/slim"><record><leader>00414nam--2200145-i-4500</leader><controlfield tag="001">000003442</controlfield><controlfield tag="002">20161230</controlfield><controlfield tag="005">20170222181446</controlfield><controlfield tag="008">060222s1000------------r-----000-0-eng-d</controlfield><datafield ind1=" " ind2=" " tag="100"><subfield code="a">Darmois, Eugene</subfield></datafield><datafield ind1=" " ind2=" " tag="245"><subfield code="a">L etat liquide de la matiere. Nouvelle edition revue et augmentee</subfield></datafield><datafield ind1=" " ind2=" " tag="260"><subfield code="a">Paris</subfield><subfield code="b">Albin Michel</subfield><subfield code="c">[1947]</subfield></datafield><datafield ind1=" " ind2=" " tag="300"><subfield code="a">358 p.+ 4 F.Pl</subfield></datafield><datafield ind1=" " ind2=" " tag="490"><subfield code="a">Sciences D Ajourd Hui</subfield></datafield><datafield ind1=" " ind2=" " tag="CAT"><subfield code="a">SYS</subfield><subfield code="c">20170222</subfield><subfield code="h">181446</subfield></datafield></record></collection>